@unpublished{bund,
AUTHOR ={Der Bundeswahlleiter, Statistisches Budnesamt},
NOTE ={ \newline URL: http://www.bundeswahlleiter.de/de/bundestagswahlen/BTW\_BUND\_13/,\newline  last visit: 30th of October 2015}
}

@unpublished{easymap,
AUTHOR ={Lutum+Tappert Dv-Beratung GmbH},
NOTE ={ \newline URL: http://www.geomarketing.de/,\newline  last visit: 03th of November 2015}
}

@book{fruehling,
  author = "J. M. Frühling and W. Steingrube",
  title = "Geomarketing: Neue Begriffe = neue Methoden?",
  year = "1995",
  publisher = "Zeitschrift für Wirtschaftsgeographie",
  number = {39(3-4),pp. 184-194}
}

@book{garfinkel,
  author = "R. S. Garfinkel and G. L. Nemhauser",
  title = "Optimal political districting by implicit enumeration techniques",
  year = "1970",
  publisher = "Institute for Operations Research and the Management Sciences",
  number = {Vol. 16, No. 8, pp. B495-B508}
}

@book{george,
  author = "J. A. George and B. W. Lamar and C. A. Wallace",
  title = "Political District Determination Using Large-scale Network Optimization",
  year = "1997",
  publisher = "Frauenhofer Institut Techno- und Wirtschaftsmathematik ITWM",
  number = {Vol. 31, No. 1, pp 11-28}
}

@book{gfk,
  author = "GfK Geomarketing GmbH",
  title = "Praxiswissen Geomarketing",
  year = "2012",
  publisher = "GfK Geomarketing GmbH",
}

@book{herter,
  author = "M. Herter and K.-H. Mühlbauer",
  title = "Handbuch Geomarketing",
  year = "2008",
  publisher = "Herbert Wichmann Verlag",
}

@book{hessstuart,
  author = "S. W. Hess and S. A. Samuels",
  title = "Experiences with a sales districting model: criteria and implementation",
  year = "1971",
  publisher = "Institute for Operations Research and the Management Sciences",
  number = {Vol. 18, No. 4, Part II}
}

@book{hess,
  author = "S. W. Hess and J. B. Weaver and S. A. Samuels",
  title = "Nonpartisan Political Redistricting by Computer",
  year = "1965",
  publisher = "Institute for Operations Research and the Management Sciences",
  number = {Vol. 13, No. 6, pp. 998-1006}
}

@book{kalcsics,
  author = "J. Kalcsics and S. Nickel and M. Schröder",
  title = "Towards a Unified Territory Design Approach – Applications, Algorithms and GIS Integration",
  year = "2005",
  publisher = "Frauenhofer Institut Techno- und Wirtschaftsmathematik"
}

@unpublished{kit_lizard,
AUTHOR ={Prof. Dr. S.Nickel, KIT Institute for Operations Research},
title ="LIZARD - LIbrary of optimiZation AlgoRithms for Distrcting",
year="2014",
NOTE ={ \newline URL: http://dol.ior.kit.edu,\newline  last visit: 03th of November 2015}
}


@unpublished{mapchart,
AUTHOR ={microm Micromarketing-Systeme und Consult GmbH},
NOTE ={ \newline URL: http://www.mapchart.de/,\newline  last visit: 03th of November 2015}
}

@book{mehrotra,
  author = "A. Mehrotra and E. L. Johnson and G. L. Nemhauser",
  title = "An optimization based heuristic for political districting",
  year = "1998",
  publisher = "Institute for Operations Research and the Management Sciences",
  number = {Vol. 44, No. 8, pp. 1100-1114}
}

@unpublished{microm,
AUTHOR ={microm Micromarketing-Systeme and Consult GmbH},
NOTE ={ \newline URL: http://www.microm-online.de/,\newline  last visit: 03th of November 2015}
}

@book{nitsche,
  author = "M. Nitsche",
  title = "Micromarketing: Daten-Methoden-Praxis",
  year = "1998",
  publisher = "Wirtschaftsverlag Ueberreuter, Wien/Frankfurt"
}

@book{nygreen,
  author = "B. Nygreen",
  title = "European assembly constituencies for wales comparing methods for solving a political distrcting problem",
  year = "1988",
  publisher = "Math. programm",
  number = {Vol. 42, pp. 159-169}
}
 
@unpublished{omkt,
AUTHOR ={Dennis Müller},
NOTE ={ \newline URL: http://www.omkt.de/geomarketing/,\newline  last visit: 29th of October 2015}
}

@book{schroeder,
  author = "M. Schröder",
  title = "Gebiete optimal aufteilen: OR-Verfahren für die Gebietsaufteilung als Anwendungsfall gleichmäßiger Baumzerlegung",
  year = "2001",
  NOTE = {Dissertation, Fakultät für Wirtschaftswissenschaften der Universität Fridericiana zu Karlsruhe}
}

@book{zoltner,
  author = "A. A. Zoltners and P. Sinha",
  title = "Sales territory alignment: a review and model",
  year = "1983",
  publisher = "Institute for Operations Research and the Management Sciences",
  number = {Vol. 29, No. 11}
}








